<record><leader>00000cas a2200000 a 4500</leader><controlfield tag="001">10313732</controlfield><controlfield tag="007">hd afv---baca</controlfield><controlfield tag="008">840118d18491871mdumr nea     0    0eng d</controlfield><datafield ind1=" " ind2=" " tag="010"><subfield code="a">sf 89090732 </subfield></datafield><datafield ind1=" " ind2=" " tag="040"><subfield code="a">PES</subfield><subfield code="b">eng</subfield><subfield code="c">PES</subfield><subfield code="d">DLC</subfield><subfield code="d">NST</subfield><subfield code="d">FUG</subfield><subfield code="d">OCL</subfield><subfield code="d">OCLCQ</subfield><subfield code="d">CRU</subfield><subfield code="d">DLC</subfield><subfield code="d">OCLCF</subfield><subfield code="d">OCLCO</subfield></datafield><datafield ind1="1" ind2=" " tag="029"><subfield code="a">AU@</subfield><subfield code="b">000020128685</subfield></datafield><datafield ind1=" " ind2=" " tag="042"><subfield code="a">msc</subfield></datafield><datafield ind1=" " ind2=" " tag="043"><subfield code="a">n-us-md</subfield></datafield><datafield ind1="0" ind2="0" tag="050"><subfield code="a">Microfilm 01104 no. 1065-1068 AP</subfield></datafield><datafield ind1="1" ind2="4" tag="050"><subfield code="a">AP2</subfield><subfield code="b">.A1 APSII reel 1065-1068</subfield></datafield><datafield ind1=" " ind2=" " tag="092"><subfield code="a">051</subfield><subfield code="b">A51p2</subfield></datafield><datafield ind1="0" ind2=" " tag="130"><subfield code="a">American farmer (Baltimore, Md. : 1849)</subfield></datafield><datafield ind1="0" ind2="4" tag="245"><subfield code="a">The American farmer</subfield><subfield code="h">[microform].</subfield></datafield><datafield ind1="1" ind2="3" tag="246"><subfield code="a">American farmer, and spirit of the agricultural journals of the day</subfield><subfield code="f">1849-18&lt;50&gt;</subfield></datafield><datafield ind1=" " ind2=" " tag="260"><subfield code="a">Baltimore :</subfield><subfield code="b">[Samuel Sands,</subfield><subfield code="c">1849-1871]</subfield></datafield><datafield ind1=" " ind2=" " tag="300"><subfield code="a">v. :</subfield><subfield code="b">ill. ;</subfield><subfield code="c">28 cm.</subfield></datafield><datafield ind1=" " ind2=" " tag="310"><subfield code="a">Monthly</subfield></datafield><datafield ind1="0" ind2=" " tag="362"><subfield code="a">[4th ser.] v. 5, no. 1 (July 1849)-v. 14 ([June] 1859); 5th ser., v. 1 (July 1859)-v. 3 (Dec. 1861); 6th ser., v. 1 (July 1866)-v. 4 (Dec. 1869); 7th ser., v. 1, no. 1 (Jan. 1870)-</subfield></datafield><datafield ind1="1" ind2=" " tag="362"><subfield code="a">Ceased with: 7th ser., [v. 2 (Dec. 1871?)].</subfield></datafield><datafield ind1=" " ind2=" " tag="500"><subfield code="a">Pagination is irregular. Some pages are stained. Ser. 4, vols. 9-10, 13: many pages are tightly bound. Ser. 5, vol. 3: contains six issues only rather than the usual twelve. A discrepancy between the Union List of Serials and our microfilm edition arises in Series 6 and 7. Series 6 contains only four volumes rather than five, dated July 1866-Dec. 1869. Series 7 contains one volume as reported, but the volume is dated Jan.-Dec. 1870. No 1871 issues were located.</subfield></datafield><datafield ind1=" " ind2=" " tag="500"><subfield code="a">The American Farmer was one of the most successful of the early farm papers and had the endorsement of such men as Jefferson, Madison, and Pickering. Founded by John S. Skinner, a postmaster at Baltimore, this partly eclectic magazine began as an eight-page quarto devoted to "rural economy, internal improvements, news, prices current," and ran through a dozen series to its end in 1897. It was illustrated throughout its long life, and contained news on agriculture, horticulture, and livestock, market prices, and activities of agricultural societies. Cf. American periodicals, 1741-1900.</subfield></datafield><datafield ind1=" " ind2=" " tag="500"><subfield code="a">Title from caption.</subfield></datafield><datafield ind1=" " ind2=" " tag="515"><subfield code="a">Publication suspended from [Jan.?] 1862 to June 1866, inclusive.</subfield></datafield><datafield ind1=" " ind2=" " tag="520"><subfield code="a">Proceedings of the 2nd-11th (1849-1858) annual meetings of the Maryland State Agricultural Society are included in [4th ser.] v. 5-14.</subfield></datafield><datafield ind1=" " ind2=" " tag="550"><subfield code="a">Imprint varies: published later by Frank Lewis.</subfield></datafield><datafield ind1=" " ind2=" " tag="533"><subfield code="a">Microfilm.</subfield><subfield code="b">Ann Arbor, Mich. :</subfield><subfield code="c">University Microfilms.</subfield><subfield code="e">4 microfilm reels ; 35 mm.</subfield><subfield code="f">(American periodical series, 1800-1850 ; 1065-1068).</subfield></datafield><datafield ind1=" " ind2="0" tag="651"><subfield code="a">Baltimore (Md.)</subfield><subfield code="v">Newspapers.</subfield></datafield><datafield ind1=" " ind2="7" tag="655"><subfield code="a">Newspapers.</subfield><subfield code="2">fast</subfield><subfield code="0">(OCoLC)fst01423814</subfield></datafield><datafield ind1=" " ind2="7" tag="651"><subfield code="a">Maryland</subfield><subfield code="z">Baltimore.</subfield><subfield code="2">fast</subfield><subfield code="0">(OCoLC)fst01204292</subfield></datafield><datafield ind1=" " ind2=" " tag="752"><subfield code="a">United States</subfield><subfield code="b">Maryland</subfield><subfield code="d">Baltimore.</subfield></datafield><datafield ind1="1" ind2=" " tag="776"><subfield code="t">American farmer (Baltimore, Md. : 1849)</subfield><subfield code="x">2155-8698</subfield><subfield code="w">(DLC)sn 89060422</subfield><subfield code="w">(OCoLC)11221502</subfield></datafield><datafield ind1="0" ind2="0" tag="780"><subfield code="t">American farmer, and spirit of the agricultural journals of the day</subfield><subfield code="w">(DLC)sf 89090731</subfield><subfield code="w">(OCoLC)10313724</subfield></datafield><datafield ind1="0" ind2="0" tag="785"><subfield code="t">American farmer and Rural register</subfield><subfield code="w">(DLC)sf 89090733</subfield><subfield code="w">(OCoLC)10313745</subfield></datafield><datafield ind1=" " ind2="0" tag="830"><subfield code="a">American periodical series, 1800-1850 ;</subfield><subfield code="v">1065-1068.</subfield></datafield></record>